@book{dftSignal,
    title={Радиотехнические цепи и сигналы: Учебник для вузов},
    author={Гоноровский И. С.},
    year={1986},
    publisher={М.: Радио и связь}
}